@inproceedings{novel_dataset,
author = "Aditya Khosla and Nityananda Jayadevaprakash and Bangpeng Yao and Li Fei-Fei",
title = "Novel Dataset for Fine-Grained Image Categorization",
booktitle = "First Workshop on Fine-Grained Visual Categorization, IEEE Conference on Computer Vision and Pattern Recognition",
year = "2011",
month = "June",
address = "Colorado Springs, CO",
}

@article{backprop_zip_code, title={Backpropagation Applied to Handwritten Zip Code Recognition}, volume={1}, DOI={10.1162/neco.1989.1.4.541}, number={4}, journal={Neural Computation}, author={Lecun, Y. and Boser, B. and Denker, J. S. and Henderson, D. and Howard, R. E. and Hubbard, W. and Jackel, L. D.}, year={1989}, pages={541–551}}

@article{dog_breed_classification, title={Dog Breed Classification Using Part Localization}, DOI={10.1007/978-3-642-33718-5_13}, journal={Computer Vision – ECCV 2012 Lecture Notes in Computer Science}, author={Liu, Jiongxin and Kanazawa, Angjoo and Jacobs, David and Belhumeur, Peter}, year={2012}, pages={172–185}}

@article{part_stacked_cnn, title={Part-Stacked CNN for Fine-Grained Visual Categorization}, DOI={10.1109/cvpr.2016.132}, journal={2016 IEEE Conference on Computer Vision and Pattern Recognition (CVPR)}, author={Huang, Shaoli and Xu, Zhe and Tao, Dacheng and Zhang, Ya}, year={2016}}

@misc{transfer_learning,
  added-at = {2008-02-26T11:58:58.000+0100},
  author = {Caruana, R. and Silver, D. L. and Baxter, J. and Mitchell, T. M. and Pratt, L. Y. and Thrun, S.},
  biburl = {https://www.bibsonomy.org/bibtex/2bec38f8e0103ef92a5ad1046c0fb5c60/schaul},
  citeulike-article-id = {2381139},
  comment = {Workshop held at NIPS-95, Vail, CO, see http://www.cs.cmu.edu/afs/user/caruana/pub/transfer.html},
  description = {idsia},
  interhash = {47cb1f87886fe2bbadee6e6f65c6c1ad},
  intrahash = {bec38f8e0103ef92a5ad1046c0fb5c60},
  keywords = {juergen},
  priority = {2},
  timestamp = {2008-02-26T12:00:18.000+0100},
  title = {Learning to learn: knowledge consolidation and transfer in inductive systems},
  year = 1995
}

@InProceedings{vgg,
  author       = "Karen Simonyan and Andrew Zisserman",
  title        = "Very Deep Convolutional Networks for Large-Scale Image Recognition",
  booktitle    = "International Conference on Learning Representations",
  year         = "2015",
}

@article{resnet, title={Deep Residual Learning for Image Recognition}, DOI={10.1109/cvpr.2016.90}, journal={2016 IEEE Conference on Computer Vision and Pattern Recognition (CVPR)}, author={He, Kaiming and Zhang, Xiangyu and Ren, Shaoqing and Sun, Jian}, year={2016}}

@article{inception, title={Going deeper with convolutions}, DOI={10.1109/cvpr.2015.7298594}, journal={2015 IEEE Conference on Computer Vision and Pattern Recognition (CVPR)}, author={Szegedy, Christian and Liu, Wei and Jia, Yangqing and Sermanet, Pierre and Reed, Scott and Anguelov, Dragomir and Erhan, Dumitru and Vanhoucke, Vincent and Rabinovich, Andrew}, year={2015}}

@article{inception2, title={Rethinking the Inception Architecture for Computer Vision}, DOI={10.1109/cvpr.2016.308}, journal={2016 IEEE Conference on Computer Vision and Pattern Recognition (CVPR)}, author={Szegedy, Christian and Vanhoucke, Vincent and Ioffe, Sergey and Shlens, Jon and Wojna, Zbigniew}, year={2016}}